@book{passarinho2008,
	author		= {Passarinho, Estêvão Lamartine Nogueira},
	keywords 	= {ubicomp, computação ubíqua, computação pervasiva,microkernel,middleware,rede},
	month		= {Junho},
	title	 	= {Uma proposta de arquitetura microkernel na camada de comunicação de dados do middleware {U}biquitos para computacão ubíqua},
	url		 	= {http://hdl.handle.net/123456789/160},
	year	 	= {2008},
	address  	= {UnB - Universidade de Brasília, Departamento de Ciências da Computação}
}

@book{paranhos2009,
	author		= {Quintella, Lucas Paranhos},
	keywords 	= {computação ubíqua,rede,conectividade,middleware,proxy,roteamento e filtragem de serviços},
	month		= {Fevereiro},
	title	 	= {Tratamento de conectividade em ambientes computacionalmente ubíquos},
	url		 	= {http://hdl.handle.net/123456789/244},
	year	 	= {2009},
	address  	= {UnB - Universidade de Brasília, Departamento de Ciências da Computação}
}

@mastersthesis{gomes2007,
	author		= {Gomes, Alexandre Rodrigues},
	keywords 	= {computação ubíqua,computação móvel,arquitetura de software,adaptabilidade de serviços},
	month		= {Março},
	title	 	= {UbiquitOS: uma proposta de arquitetura de middleware para a adaptabilidade de serviços em sistemas de computação ubíqua},
	url		 	= {http://hdl.handle.net/123456789/110},
	year	 	= {2007},
	school  	= {UnB - Universidade de Brasília, Departamento de Ciências da Computação}
}

@mastersthesis{buzeto2010,
	author		= {Buzeto, Fabrício Nogueira},
	keywords 	= {Computação Ubiqua, Computação Móvel,Middleware,SOA},
	month		= {Julho},
	title	 	= {Um conjunto de soluções para a construção de aplicativos de computação ubíqua},
	url		 	= {http://hdl.handle.net/123456789/257},
	year	 	= {2010},
	school  	= {UnB - Universidade de Brasília, Departamento de Ciências da Computação}
}

@article{weiser1999,
	author 		= {Weiser, Mark},
	title 		= {The computer for the 21st century},
	journal 	= {SIGMOBILE Mob. Comput. Commun. Rev.},
	volume	 	= {3},
	issue		= {3},
	month 		= {July},
	year		= {1999},
	issn 		= {1559-1662},
	pages		= {3--11},
	numpages 	= {9},
	url 		= {http://doi.acm.org/10.1145/329124.329126},
	doi			= {http://doi.acm.org/10.1145/329124.329126},
	acmid		= {329126},
	publisher 	= {ACM},
	address 	= {New York, NY, USA},
}

@ONLINE{weiser1993,
	author 		= {Weiser, Mark},
	title		= {The world is not a desktop. ACM Interactions},
	year 		= {1993},
	url			= {http://www.ubiq.com/hypertext/weiser/ACMInteractions2.html}
}


@article{johnson97,
	author   = {David Johnson and Shalom Lappin},
	doi      = {10.1023/A:1005328611460},
	journal  = {Linguistics and Philosophy},
	keywords = {linguistics, minimalism},
	month    = {June},
	number   = {3},
	pages    = {273--333},
	priority = {0},
	title    = {A Critique of the Minimalist Program},
	url      = {http://dx.doi.org/10.1023/A:1005328611460},
	volume   = {20},
	year     = {1997}
}


@book{jackendoff97,
	author    = {Ray Jackendoff},
	title     = {The Architecture of the Language Faculty},
	year      = {1997},
	address   = {Cambridge, MA},
	publisher = {MIT Press}
}

@book{borsley96,
	author    = {Robert D. Borsley},
	number    = {11},
	publisher = {Blackwell Publishers},
	series    = {Blackwell Textbooks in Linguistics},
	title     = {Modern Phrase Structure Grammar},
	year      = {1996}
}

@article{carpenter91,
	author    = {Bob Carpenter},
	title     = {The Generative Power of {C}ategorial {G}rammars and {H}ead-{D}riven {P}hrase
	             {S}tructure {G}rammars with Lexical Rules},
	journal   = {Computational Linguistics},
	volume    = {17},
	number    = {3},
	year      = {1991},
	issn      = {0891-2017},
	pages     = {301--313},
	publisher = {MIT Press}
}

@book{lyons81,
	author    = {John Lyons},
	title     = {Lingua(gem) e Ling\"{u}\'istica: uma introdu\c{c}\~ao}, 
	publisher = {Zahar},
	address   = {Rio de Janeiro},
	year      = {1981}
}

@book{chomsky65,
	author    = {Noam Chomsky},
	title     = {Aspects of the Theory of Syntax},
	publisher = {MIT Press},
	address   = {Cambridge, MA},
	year      = {1965}
}

@book{chomsky57,
	author    = {Noam Chomsky},
	title     = {Syntatic Structures},
	publisher = {MIT Press},
	address   = {Cambridge, MA},
	year      = {1957}
}

@book{saussure16,
	author    = {Ferdinand de Saussure},
	title     = {Cours de Linguistique G\'en\'erale},
	note      = {\'Edition critique pr\'epar\'ee par {T}ullio de {M}auro},
	publisher = {Payot},
	address   = {Paris},
	year      = {1916}
}
